<record><leader>00000cas a22000007a 4500</leader><controlfield tag="001">18390921</controlfield><controlfield tag="008">880823d19051927ohudn ne      0    0eng d</controlfield><datafield ind1=" " ind2=" " tag="010"><subfield code="a">sn 88078784 </subfield></datafield><datafield ind1=" " ind2=" " tag="040"><subfield code="a">ONP</subfield><subfield code="b">eng</subfield><subfield code="c">ONP</subfield><subfield code="d">DLC</subfield><subfield code="d">OCLCQ</subfield></datafield><datafield ind1=" " ind2=" " tag="042"><subfield code="a">msc</subfield></datafield><datafield ind1="0" ind2=" " tag="130"><subfield code="a">Newark American tribune (Newark, Ohio : 1905 : Daily)</subfield></datafield><datafield ind1="1" ind2="0" tag="245"><subfield code="a">Newark American tribune.</subfield></datafield><datafield ind1=" " ind2=" " tag="260"><subfield code="a">Newark, Ohio :</subfield><subfield code="b">Addison C. Dickinson,</subfield><subfield code="c">1905-1927.</subfield></datafield><datafield ind1=" " ind2=" " tag="310"><subfield code="a">Daily (except Sun.)</subfield></datafield><datafield ind1="0" ind2=" " tag="362"><subfield code="a">Apr. 10, 1905-Feb. 5, 1927.</subfield></datafield><datafield ind1=" " ind2=" " tag="752"><subfield code="a">United States</subfield><subfield code="b">Ohio</subfield><subfield code="c">Licking</subfield><subfield code="d">Newark.</subfield></datafield><datafield ind1="0" ind2=" " tag="775"><subfield code="t">Newark American tribune (Newark, Ohio : 1905 : Semiweekly)</subfield><subfield code="w">(DLC)sn 88078786</subfield></datafield><datafield ind1="0" ind2="0" tag="780"><subfield code="t">American tribune (Newark, Ohio : 1903 : Daily)</subfield><subfield code="w">(DLC)sn 84028853</subfield></datafield><datafield ind1="0" ind2="7" tag="785"><subfield code="t">Newark advocate (Newark, Ohio : 1901 : Daily)</subfield><subfield code="w">(DLC)sn 84028856</subfield></datafield><datafield ind1="0" ind2="7" tag="785"><subfield code="t">Newark advocate and American tribune</subfield><subfield code="w">(DLC)sn 84028854</subfield></datafield></record>